<?xml version="1.0" encoding="UTF-8"?><record xmlns="http://www.loc.gov/MARC21/slim" xmlns:cinclude="http://apache.org/cocoon/include/1.0" xmlns:zs="http://www.loc.gov/zing/srw/">
  <leader>00754nz  a2200157n  4500</leader>
  <controlfield tag="001">no2010191529</controlfield>
  <controlfield tag="003">DLC</controlfield>
  <controlfield tag="005">20101126074935.0</controlfield>
  <controlfield tag="008">101124n| acannaabn          |n aaa     c</controlfield>
  <datafield tag="010" ind1=" " ind2=" ">
    <subfield code="a">no2010191529</subfield>
  </datafield>
  <datafield tag="035" ind1=" " ind2=" ">
    <subfield code="a">(OCoLC)oca08696426</subfield>
  </datafield>
  <datafield tag="040" ind1=" " ind2=" ">
    <subfield code="a">IlMchBWI</subfield>
    <subfield code="b">eng</subfield>
    <subfield code="c">IlMchBWI</subfield>
  </datafield>
  <datafield tag="100" ind1="1" ind2=" ">
    <subfield code="a">Mautner, Julie</subfield>
  </datafield>
  <datafield tag="670" ind1=" " ind2=" ">
    <subfield code="a">Lee Brian Schrager. Food Network South Beach Wine &amp; Food Festival cookbook , c2010 :</subfield>
    <subfield code="b">t.p. (Lee Brian Schrager ; with Julie Mautner)</subfield>
  </datafield>
  <datafield tag="670" ind1=" " ind2=" ">
    <subfield code="a">The Atlantic website, Nov. 23, 2010</subfield>
    <subfield code="b">(former executive editor of Food Arts Magazine in N.Y., freelance food writer splitting her time between the U.S. and the south of France)</subfield>
  </datafield>
  <datafield tag="670" ind1=" " ind2=" ">
    <subfield code="a">Linkedin website, Nov. 23, 2010</subfield>
    <subfield code="b">(lives in the Marseille Area, France; education, Univ. of Wisconsin at Madison)</subfield>
  </datafield>
</record>